% Encoding: UTF-8

@article{wilson2021,
  title = {Evaluating Process-Based Integrated Assessment Models of Climate Change Mitigation},
  author = {Wilson, Charlie and Guivarch, C{\'e}line and Kriegler, Elmar and {van Ruijven}, Bas and {van Vuuren}, Detlef P. and Krey, Volker and Schwanitz, Valeria Jana and Thompson, Erica L.},
  year = {2021},
  month = may,
  volume = {166},
  pages = {3},
  issn = {1573-1480},
  doi = {10.1007/s10584-021-03099-9},
  journal = {Climatic Change},
  language = {en},
  number = {1}
}


@misc{carboncopy2019,
  title = {No New Coal Plants for {{Gujarat}}, {{Chhattisgarh}}},
  author = {{Carbon Copy}},
  year = {2019},
  month = sep,
  journal = {No new coal plants for Gujarat, Chhattisgarh},
  language = {en-US},
  howpublished ={https://carboncopy.info/no-new-coal-plants-for-gujarat-chhattisgarh/}
}


@misc{iea2019,
  title = {Global Electricity Demand by Region in the {{New Policies Scenario}}, 2000-2040},
  author = {{IEA}},
  year = {2019},
  month = dec,
  journal = {IEA},
  howpublished = {https://www.iea.org/data-and-statistics/charts/global-electricity-demand-by-region-in-the-new-policies-scenario-2000-2040},
  langid = {british}
}




@misc{carboncopy2021,
  title = {Cabinet Approves ₹4,500 Cr Solar Manufacturing Incentive},
   author = {{Carbon Copy}},
  year = {2021},
  month = apr,
  journal = {Carbon Copy},
  howpublished = {https://carboncopy.info/cabinet-approves-\%e2\%82\%b94500-cr-solar-manufacturing-incentive/},
  language = {en-US}
}


@misc{carboncopy2021a,
  title = {India Offers ₹18,100 Cr Production-Linked Incentive for Battery Storage},
  author = {{Carbon Copy}},
  year = {2021},
  month = may,
  journal = {Carbon Copy},
  howpublished = {https://carboncopy.info/india-offers-\%e2\%82\%b918100-cr-production-linked-incentive-for-battery-storage/},
  language = {en-US}
}


@misc{carboncopy2021b,
  title = {Basic {{Customs Duty}} Projected to Increase Solar Tariff Exponentially},
  author = {{Carbon Copy}},
  year = {2021},
  month = mar,
  journal = {Carbon Copy},
  howpublished = {https://carboncopy.info/basic-customs-duty-projected-to-increase-solar-tariff-exponentially/},
  language = {en-US}
}







@misc{presstrustofindia2021,
  title = {Next Round of Coal Mines Auction for Commercial Mining in {{October}} or {{November}}: {{Pralhad Joshi}}},
  author = {{Press Trust of India}},
  year = {2021},
  month = sep,
  howpublished = {https://economictimes.indiatimes.com/industry/indl-goods/svs/metals-mining/next-round-of-coal-mines-auction-for-commercial-mining-in-october-or-november-pralhad-joshi/articleshow/86460213.cms}
}



@misc{ians2020,
  title = {{{NTPC}} Stops Land Acquisition for Greenfield Coal-Based Power Projects - {{ET EnergyWorld}}},
  author = {IANS},
  year = {2020},
  month = sep,
  journal = {ETEnergyworld.com},
  howpublished = {https://energy.economictimes.indiatimes.com/news/power/ntpc-stops-land-acquisition-for-greenfield-coal-based-power-projects/78343346},
  language = {en}
}


@article{luIndia2020,
  title = {India's Potential for Integrating Solar and on- and Offshore Wind Power into Its Energy System},
  author = {Lu, Tianguang and Sherman, Peter and Chen, Xinyu and Chen, Shi and Lu, Xi and McElroy, Michael},
  year = {2020},
  month = sep,
  journal = {Nature Communications},
  volume = {11},
  number = {1},
  pages = {4750},
  publisher = {{Nature Publishing Group}},
  issn = {2041-1723},
  doi = {10.1038/s41467-020-18318-7},
  copyright = {2020 The Author(s)},
  langid = {english}
}





@misc{ministryofpower2021,
  title = {Power {{Sector}} at a {{Glance ALL INDIA}} | {{Government}} of {{India}} | {{Ministry}} of {{Power}}},
  author = {{Ministry of Power}},
  year = {2021},
  month = sep,
  howpublished = {https://powermin.gov.in/en/content/power-sector-glance-all-india}
}


@article{puppimdeoliveira2013,
  title = {Promoting Win\textendash Win Situations in Climate Change Mitigation, Local Environmental Quality and Development in {{Asian}} Cities through Co-Benefits},
  author = {{Puppim de Oliveira}, Jose A. and Doll, Christopher N. H. and Kurniawan, Tonni Agustiono and Geng, Yong and Kapshe, Manmohan and Huisingh, Donald},
  year = {2013},
  month = nov,
  journal = {Journal of Cleaner Production},
  series = {Special {{Volume}}: {{Climate Co}}-{{Benefits}} in {{Urban Asia}}},
  volume = {58},
  pages = {1--6},
  issn = {0959-6526},
  doi = {10.1016/j.jclepro.2013.08.011},
  language = {en}
}


@article{west2013,
  title = {Co-Benefits of Mitigating Global Greenhouse Gas Emissions for Future Air Quality and Human Health},
  author = {West, J. Jason and Smith, Steven J. and Silva, Raquel A. and Naik, Vaishali and Zhang, Yuqiang and Adelman, Zachariah and Fry, Meridith M. and Anenberg, Susan and Horowitz, Larry W. and Lamarque, Jean-Francois},
  year = {2013},
  month = oct,
  journal = {Nature Climate Change},
  volume = {3},
  number = {10},
  pages = {885--889},
  publisher = {{Nature Publishing Group}},
  issn = {1758-6798},
  doi = {10.1038/nclimate2009},
  copyright = {2013 Nature Publishing Group},
  language = {en},
}

@article{malik2020,
  title = {Reducing Stranded Assets through Early Action in the {{Indian}} Power Sector},
  author = {Malik, Aman and Bertram, Christoph and Despres, Jacques and Emmerling, Johannes and Fujimori, Shinichiro and Garg, Amit and Kriegler, Elmar and Luderer, Gunnar and Mathur, Ritu and Roelfsema, Mark and Shekhar, Swapnil and Vishwanathan, Saritha and Vrontisi, Zoi},
  year = {2020},
  month = sep,
  journal = {Environmental Research Letters},
  volume = {15},
  number = {9},
  pages = {094091},
  publisher = {{IOP Publishing}},
  issn = {1748-9326},
  doi = {10.1088/1748-9326/ab8033},
  language = {en}
}


@misc{willkenton2021,
  title = {What {{Is}} a {{Feed}}-{{In Tariff}} ({{FIT}})?},
  author = {{Will Kenton}},
  year = {2021},
  month = feb,
  journal = {Investopedia},
  howpublished = {https://www.investopedia.com/terms/f/feed-in-tariff.asp},
  langid = {english}
}





@techreport{buckley2015,
  title = {India's {{Electricity}}-{{Sector Transformation}}},
  author = {{Tim Buckley}},
  year = {2015},
  month = aug,
  institution = {{Institute for Energy Economics and Financial Analysis}}
}



@misc{runyon2021,
  title = {Report: {{New}} Solar Is Cheaper to Build than to Run Existing Coal Plants in {{China}}, {{India}} and Most of {{Europe}}},
  shorttitle = {Report},
  author = {Runyon, Jennifer},
  year = {2021},
  month = jun,
  journal = {Renewable Energy World},
  language = {en-US}
}



@article{williams2019,
  title={Observed impacts of anthropogenic climate change on wildfire in California},
  author={Williams, A Park and Abatzoglou, John T and Gershunov, Alexander and Guzman-Morales, Janin and Bishop, Daniel A and Balch, Jennifer K and Lettenmaier, Dennis P},
  journal={Earth's Future},
  volume={7},
  number={8},
  pages={892--910},
  year={2019},
  publisher={Wiley Online Library}
}
@article{lee2020,
  title={Third assessment on impacts of climate change on tropical cyclones in the Typhoon Committee Region--Part I: Observed changes, detection and attribution},
  author={Lee, Tsz-Cheung and Knutson, Thomas R and Nakaegawa, Toshiyuki and Ying, Ming and Cha, Eun Jeong},
  journal={Tropical Cyclone Research and Review},
  volume={9},
  number={1},
  pages={1--22},
  year={2020},
  publisher={Elsevier}
}

@misc{unfccc1992,
  title = {United Nations Framework Convention on Climate Change},
  author = {UNFCCC},
  year = {1992},
  howpublished = {https://unfccc.int/resource/docs/convkp/conveng.pdf}
  }


@techreport{kamboj2018,
  title = {Indian Railways and Coal - an Unsustainable Interdependency},
  author = {Kamboj, Puneet and Tongia, Rahul},
  year = {2018},
  month = jul,
  address = {{New Delhi}},
  institution = {{Brookings India}}
}


@misc{umagupta2021,
  title = {Solar Tariffs Could Rise about 20\% Due to Customs Duty},
  author = {{Uma Gupta}},
  year = {2021},
  month = mar,
  journal = {pv magazine India},
  howpublished = {https://www.pv-magazine-india.com/2021/03/16/solar-tariffs-could-rise-about-20-due-to-customs-duty/},
  language = {en-US}
}





@misc{cea2021,
  title = {Vision \& {{Mission}} of {{CEA}}},
  author = {{CEA}},
  year = {2021},
  howpublished = {https://cea.nic.in/vision-mission-of-cea/?lang=en},
  journal = {Central Electricity Authority},
  language = {en-US}
}



@misc{eia,
  title = {Glossary - {{U}}.{{S}}. {{Energy Information Administration}} ({{EIA}})},
  author = {{EIA}},
  howpublished = {https://www.eia.gov/tools/glossary/index.php},
  year = {2021}
}



@misc{breitschopf2012,
  title = {Methodological Guidelines for Estimating the Employment Impacts of Using Renewable Energies for Electricity Generation},
  author = {Breitschopf, Barbara and Nathani, Carsten and Resch, Gustav},
  year = {2012},
  publisher = {{International Energy Agency\quotedblbase s Implementing Agreement on Renewable Energy Technology Deployment (IEA-RETD)}},
  langid = {english}
}





@misc{climatewatch,
  title = {| {{Greenhouse Gas}} ({{GHG}}) {{Emissions}} | {{Climate Watch}}},
  author = {{Climate Watch}},
  howpublished = {https://www.climatewatchdata.org/ghg-emissions},
  year = {2021}
}


@misc{cop24,
  title = {Just {{Transition Declaration}}},
  author = {{COP 24}},
  year = {2018},
  howpublished = {https://cop24.gov.pl/presidency/initiatives/just-transition-declaration/},
  language = {en}
}

@misc{singh,
  title = {Why Import Duties Can't Save {{India}}'s Solar-Panel Makers},
  year ={2018},
  author = {Singh, Kuwar},
  howpublished = {https://qz.com/india/1511463/safeguard-duties-didnt-help-indias-solar-sector-in-2018/},
  journal = {Quartz},
  language = {en}
}

@techreport{standing2018,
  title = {Standing {{Committee Report}} on {{Stressed}} Asset in Power Sector},
  author = {{Standing Committee on Energy}},
  year = {2018},
  month = mar,
  institution = {{Lok Sabha Secretariat}}
}


@misc{gem2021,
  title = {Global {{Coal Plant Tracker}}},
  author = {{Global Energy Monitor}},
  year = {2021},
  howpublished={https://globalenergymonitor.org/projects/global-coal-plant-tracker/}
}




@techreport{shah2021,
  title = {New {{Coal}}-Fired {{Power Plants}} in {{India}}: {{Reality}} or {{Just Numbers}}?},
  author = {Shah, Kashish},
  year = {2021},
  month = jun,
  institution = {{IEEFA}}
}





@techreport{cea2020,
  title = {Report on {{Optimal Generation Capacity Mix}} for 2029-30},
  author = {{Central Electricity Authority}},
  year = {2020},
  month = feb,
  institution = {{Ministry of Power}}
}


@techreport{briggs2020,
  title = {Renewable {{Energy Jobs}} in {{Australia}}: {{Stage One}}},
  author = {Briggs, Chris and Rutovitz, Jay and Dominish, Elsa and Nagrath, Kriti},
  year = {2020},
  month = jun,
  institution = {{Institute for Sustainable Futures, University of Technology, Sydney}}
}

@article{irena2019,
  title = {Renewable {{Energy}} and {{Jobs}}: {{Annual Review}} 2019},
  author = {IRENA},
  year = {2019},
  language = {en}
}




@article{montrone2021,
  title = {The Political Economy of Coal in {{India}} \textendash{} {{Evidence}} from Expert Interviews},
  author = {Montrone, Lorenzo and Ohlendorf, Nils and Chandra, Rohit},
  year = {2021},
  month = apr,
  volume = {61},
  pages = {230--240},
  issn = {0973-0826},
  doi = {10.1016/j.esd.2021.02.003},
  journal = {Energy for Sustainable Development},
  language = {en}
}





@article{pai2020,
  title = {Solar Has Greater Techno-Economic Resource Suitability than Wind for Replacing Coal Mining Jobs},
  author = {Pai, Sandeep and Zerriffi, Hisham and Jewell, Jessica and Pathak, Jaivik},
  year = {2020},
  month = mar,
  volume = {15},
  pages = {034065},
  issn = {1748-9326},
  doi = {10.1088/1748-9326/ab6c6d},
  journal = {Environmental Research Letters},
  language = {en},
  number = {3}
}



@article{bertramTargetedPoliciesCan2018,
  title = {Targeted Policies Can Compensate Most of the Increased Sustainability Risks in 1.5\textdegree{{C}} Mitigation Scenarios},
  author = {Bertram, Christoph and Luderer, Gunnar and Popp, Alexander and Minx, Jan Christoph and Lamb, William F. and Stevanovi{\'c}, Miodrag and Humpen{\"o}der, Florian and Giannousakis, Anastasis and Kriegler, Elmar},
  year = {2018},
  month = jun,
  volume = {13},
  pages = {064038},
  publisher = {{IOP Publishing}},
  issn = {1748-9326},
  doi = {10.1088/1748-9326/aac3ec},
  journal = {Environmental Research Letters},
  language = {en},
  number = {6}
}

@article{wei2010,
  title = {Putting Renewables and Energy Efficiency to Work: {{How}} Many Jobs Can the Clean Energy Industry Generate in the {{US}}?},
  shorttitle = {Putting Renewables and Energy Efficiency to Work},
  author = {Wei, Max and Patadia, Shana and Kammen, Daniel M.},
  year = {2010},
  month = feb,
  volume = {38},
  pages = {919--931},
  issn = {03014215},
  doi = {10.1016/j.enpol.2009.10.044},
  journal = {Energy Policy},
  language = {en},
  number = {2}
}

@article{krey2014,
  title = {Global Energy-Climate Scenarios and Models: A Review: {{Global}} Energy-Climate Scenarios and Models},
  shorttitle = {Global Energy-Climate Scenarios and Models},
  author = {Krey, Volker},
  year = {2014},
  month = jul,
  volume = {3},
  pages = {363--383},
  issn = {20418396},
  doi = {10.1002/wene.98},
  journal = {Wiley Interdisciplinary Reviews: Energy and Environment},
  language = {en},
  number = {4}
}

@article{vonstechowIntegratingGlobalClimate2015,
  title = {Integrating {{Global Climate Change Mitigation Goals}} with {{Other Sustainability Objectives}}: {{A Synthesis}}},
  shorttitle = {Integrating {{Global Climate Change Mitigation Goals}} with {{Other Sustainability Objectives}}},
  author = {{von Stechow}, Christoph and McCollum, David and Riahi, Keywan and Minx, Jan C. and Kriegler, Elmar and {van Vuuren}, Detlef P. and Jewell, Jessica and {Robledo-Abad}, Carmenza and Hertwich, Edgar and Tavoni, Massimo and Mirasgedis, Sevastianos and Lah, Oliver and Roy, Joyashree and Mulugetta, Yacob and Dubash, Navroz K. and Bollen, Johannes and {\"U}rge-Vorsatz, Diana and Edenhofer, Ottmar},
  year = {2015},
  month = nov,
  volume = {40},
  pages = {363--394},
  issn = {1543-5938, 1545-2050},
  doi = {10.1146/annurev-environ-021113-095626},
  journal = {Annual Review of Environment and Resources},
  language = {en},
  number = {1}
}


@article{clarkeInternationalClimatePolicy2009a,
  title = {International Climate Policy Architectures: {{Overview}} of the {{EMF}} 22 {{International Scenarios}}},
  shorttitle = {International Climate Policy Architectures},
  author = {Clarke, Leon and Edmonds, Jae and Krey, Volker and Richels, Richard and Rose, Steven and Tavoni, Massimo},
  year = {2009},
  month = dec,
  volume = {31},
  pages = {S64-S81},
  issn = {01409883},
  doi = {10.1016/j.eneco.2009.10.013},
  journal = {Energy Economics},
  language = {en}
}

@article{kriegler2013,
  title = {What Does the 2\textdegree{{C}} Target Imply for a Global Climate Agreement in 2020? The {{LIMITS}} Study on {{Durban}} Platform Scenarios},
  shorttitle = {What Does the 2\textdegree c Target Imply for a Global Climate Agreement in 2020?},
  author = {Kriegler, Elmar and Tavoni, Massimo and Aboumahboub, Tino and Luderer, Gunnar and Calvin, Katherine and Demaere, Gauthier and Krey, Volker and Riahi, Keywan and R{\"o}sler, Hilke and Schaeffer, Michiel and Van Vuuren, Detlef P.},
  year = {2013},
  month = nov,
  volume = {04},
  pages = {1340008},
  issn = {2010-0078},
  doi = {10.1142/S2010007813400083},
  annotation = {00010},
  journal = {Climate Change Economics},
  keywords = {*GES*,*published*,*RD3*,*REMIND*},
  number = {04}
}


@article{ludererEconomicsDecarbonizingEnergy2012,
  title = {The Economics of Decarbonizing the Energy System\textemdash Results and Insights from the {{RECIPE}} Model Intercomparison},
  author = {Luderer, Gunnar and Bosetti, Valentina and Jakob, Michael and Leimbach, Marian and Steckel, Jan C. and Waisman, Henri and Edenhofer, Ottmar},
  year = {2012},
  month = sep,
  volume = {114},
  pages = {9--37},
  issn = {0165-0009, 1573-1480},
  doi = {10.1007/s10584-011-0105-x},
  journal = {Climatic Change},
  keywords = {*GES*,*published*,*RD3*,*REMIND*},
  language = {en},
  number = {1}
}

@article{green2018cutting,
  title={Cutting with both arms of the scissors: the economic and political case for restrictive supply-side climate policies},
  author={Green, Fergus and Denniss, Richard},
  journal={Climatic Change},
  volume={150},
  number={1},
  pages={73--87},
  year={2018},
  publisher={Springer}
}
@article{meckling2015winning,
  title={Winning coalitions for climate policy},
  author={Meckling, Jonas and Kelsey, Nina and Biber, Eric and Zysman, John},
  journal={Science},
  volume={349},
  number={6253},
  pages={1170--1171},
  year={2015},
  publisher={American Association for the Advancement of Science}
}

@article{edenhoferEconomicsLowStabilization2010,
  title = {The {{Economics}} of {{Low Stabilization}}: {{Model Comparison}} of {{Mitigation Strategies}} and {{Costs}}},
  shorttitle = {The {{Economics}} of {{Low Stabilization}}},
  author = {Edenhofer, Ottmar and Knopf, Brigitte and Barker, Terry and Baumstark, Lavinia and Bellevrat, Elie and Chateau, Bertrand and Criqui, Patrick and Isaac, Morna and Kitous, Alban and Kypreos, Socrates and Leimbach, Marian and Lessmann, Kai and Magne, Bertrand and Scrieciu, Serban and Turton, Hal and van Vuuren, Detlef P.},
  year = {2010},
  month = sep,
  volume = {31},
  pages = {11--48},
  issn = {01956574},
  doi = {10.5547/ISSN0195-6574-EJ-Vol31-NoSI-2},
  journal = {The Energy Journal},
  keywords = {*GES*,*published*,*RD3*,*REMIND*},
  number = {01}
}

@techreport{iea2021,
  institution = {IEA},	
  title = {India {{Energy Outlook}} 2021},
  author = {IEA},
  year = {2021},
  language = {en}
}

@article{dubash2013politics,
  title={The politics of climate change in India: narratives of equity and cobenefits},
  author={Dubash, Navroz K},
  journal={Wiley Interdisciplinary Reviews: Climate Change},
  volume={4},
  number={3},
  pages={191--201},
  year={2013},
  publisher={Wiley Online Library}
}

@article{thaker2014shifting,
  title={Shifting discourses of climate change in India},
  author={Thaker, Jagadish and Leiserowitz, Anthony},
  journal={Climatic Change},
  volume={123},
  number={2},
  pages={107--119},
  year={2014},
  publisher={Springer}
}

@article{fouquet2016,
  title = {Path Dependence in Energy Systems and Economic Development},
  author = {Fouquet, Roger},
  year = {2016},
  month = jul,
  volume = {1},
  pages = {16098},
  issn = {2058-7546},
  doi = {10.1038/nenergy.2016.98},
  annotation = {00000},
  journal = {Nature Energy}
}


@article{unruh2000,
  title = {Understanding Carbon Lock-In},
  author = {Unruh, Gregory C},
  year = {2000},
  journal = {Energy Policy},
  language = {en}
}

@misc{fleurbaey2014sustainable,
  title={Sustainable development and equity Climate Change 2014: Mitigation of Climate Change. Contribution of Working Group III to the Fifth Assessment Report of the Intergovernmental Panel on Climate Change ed OR Edenhofer et al},
  author={Fleurbaey, Marc and Kartha, S and Bolwig, S and Chee, YL and Chen, Y and Corbera, E and Lecocq, F and Lutz, W and Muylaert, MS and Norgaard, RB and others},
  year={2014},
  publisher={Cambridge University Press}
}


@article{erickson2015,
  title = {Assessing Carbon Lock-In},
  author = {Erickson, Peter and Kartha, Sivan and Lazarus, Michael and Tempest, Kevin},
  year = {2015},
  month = aug,
  volume = {10},
  pages = {084023},
  issn = {1748-9326},
  doi = {10.1088/1748-9326/10/8/084023},
  journal = {Environmental Research Letters},
  language = {en},
  number = {8}
}


@article{seto2016,
  title = {Carbon {{Lock}}-{{In}}: {{Types}}, {{Causes}}, and {{Policy Implications}}},
  shorttitle = {Carbon {{Lock}}-{{In}}},
  author = {Seto, Karen C. and Davis, Steven J. and Mitchell, Ronald B. and Stokes, Eleanor C. and Unruh, Gregory and {\"U}rge-Vorsatz, Diana},
  year = {2016},
  month = nov,
  volume = {41},
  pages = {425--452},
  issn = {1543-5938, 1545-2050},
  doi = {10.1146/annurev-environ-110615-085934},
  journal = {Annual Review of Environment and Resources},
  language = {en},
  number = {1}
}




@article{rogelj2017,
  title = {Understanding the Origin of {{Paris Agreement}} Emission Uncertainties},
  author = {Rogelj, Joeri and Fricko, Oliver and Meinshausen, Malte and Krey, Volker and Zilliacus, Johanna J. J. and Riahi, Keywan},
  year = {2017},
  month = jun,
  volume = {8},
  pages = {15748},
  issn = {2041-1723},
  doi = {10.1038/ncomms15748},
  journal = {Nature Communications}
}


@incollection{dubash2019,
  title = {An Introduction to India’s Evolving Climate Change Debate},
  booktitle = {India in a {{Warming World}}: {{Integrating Climate Change}} and {{Development}}},
  author = {Dubash, Navroz},
  year = {2019},
  publisher = {{Oxford University Press}},
  isbn = {978-0-19-909839-2},
  language = {en}
}


@incollection{sengupta2019,
  title = {India's {{Engagement}} in {{Global Climate Negotiations}} from {{Rio}} to {{Paris}}},
  booktitle = {India in a {{Warming World}}: {{Integrating Climate Change}} and {{Development}}},
  author = {Sengupta, Sandeep},
  year = {2019},
  publisher = {{Oxford University Press}},
  isbn = {978-0-19-909839-2},
  language = {en}
}







@article{rauner2020,
  title = {Coal-Exit Health and Environmental Damage Reductions Outweigh Economic Impacts},
  author = {Rauner, Sebastian and Bauer, Nico and Dirnaichner, Alois and Dingenen, Rita Van and Mutel, Chris and Luderer, Gunnar},
  year = {2020},
  month = mar,
  pages = {1--5},
  publisher = {{Nature Publishing Group}},
  issn = {1758-6798},
  doi = {10.1038/s41558-020-0728-x},
  copyright = {2020 The Author(s), under exclusive licence to Springer Nature Limited},
  journal = {Nature Climate Change},
  language = {en}
}




@article{bertramCOVID192021,
  title = {{{COVID}}-19-Induced Low Power Demand and Market Forces Starkly Reduce {{CO}} 2 Emissions},
  author = {Bertram, Christoph and Luderer, Gunnar and Creutzig, Felix and Bauer, Nico and Ueckerdt, Falko and Malik, Aman and Edenhofer, Ottmar},
  year = {2021},
  month = feb,
  pages = {1--4},
  publisher = {{Nature Publishing Group}},
  issn = {1758-6798},
  doi = {10.1038/s41558-021-00987-x},
  copyright = {2021 The Author(s), under exclusive licence to Springer Nature Limited},
  journal = {Nature Climate Change},
  language = {en}
}


@article{simas2014,
  title = {Assessing Employment in Renewable Energy Technologies: {{A}} Case Study for Wind Power in {{Brazil}}},
  shorttitle = {Assessing Employment in Renewable Energy Technologies},
  author = {Simas, Moana and Pacca, Sergio},
  year = {2014},
  month = mar,
  volume = {31},
  pages = {83--90},
  issn = {1364-0321},
  doi = {10.1016/j.rser.2013.11.046},
  journal = {Renewable and Sustainable Energy Reviews},
  language = {en}
}



@misc{lolla,
  title = {India - {{Peaking Coal}}?},
  author = {Lolla, Aditya},
  year = {2021},
  month = feb,
  journal = {Ember},
  langid = {british}
}

@techreport{ren212020,
  title = {Renewables {{Global Status Report}} 2020},
  author = {{REN21 Secretariat}},
  year = {2020},
  language = {en-US},
  institution = {REN 21}
}

@article{riahi2017a,
  title = {The {{Shared Socioeconomic Pathways}} and Their Energy, Land Use, and Greenhouse Gas Emissions Implications: {{An}} Overview},
  shorttitle = {The {{Shared Socioeconomic Pathways}} and Their Energy, Land Use, and Greenhouse Gas Emissions Implications},
  author = {Riahi, Keywan and {van Vuuren}, Detlef P. and Kriegler, Elmar and Edmonds, Jae and O'Neill, Brian C. and Fujimori, Shinichiro and Bauer, Nico and Calvin, Katherine and Dellink, Rob and Fricko, Oliver and Lutz, Wolfgang and Popp, Alexander and Cuaresma, Jesus Crespo and Kc, Samir and Leimbach, Marian and Jiang, Leiwen and Kram, Tom and Rao, Shilpa and Emmerling, Johannes and Ebi, Kristie and Hasegawa, Tomoko and Havlik, Petr and Humpen{\"o}der, Florian and Da Silva, Lara Aleluia and Smith, Steve and Stehfest, Elke and Bosetti, Valentina and Eom, Jiyong and Gernaat, David and Masui, Toshihiko and Rogelj, Joeri and Strefler, Jessica and Drouet, Laurent and Krey, Volker and Luderer, Gunnar and Harmsen, Mathijs and Takahashi, Kiyoshi and Baumstark, Lavinia and Doelman, Jonathan C. and Kainuma, Mikiko and Klimont, Zbigniew and Marangoni, Giacomo and {Lotze-Campen}, Hermann and Obersteiner, Michael and Tabeau, Andrzej and Tavoni, Massimo},
  year = {2017},
  volume = {42},
  pages = {153--168},
  issn = {09593780},
  doi = {10.1016/j.gloenvcha.2016.05.009},
  journal = {Global Environmental Change},
  language = {en}
}


@article{bertram2021,
  title = {Energy System Developments and Investments in the Decisive Decade for the {{Paris Agreement}} Goals},
  author = {Bertram, Christoph and Riahi, Keywan and Hilaire, Jerome and Bosetti, Valentina and Drouet, Laurent and Fricko, Oliver and Malik, Aman and Nogueira, Larissa and van der Zwaan, Bob and van Ruijven, Bas and van Vuuren, Detlef P. and Weitzel, Matthias and Longa, Francesco Dalla and de Boer, Harmen-Sytze and Emmerling, Johannes and Fosse, Florian and Fragkiadakis, Kostas and Harmsen, Mathijs and Keramidas, Kimon and Kishimoto, Paul Natsuo and Kriegler, Elmar and Krey, Volker and Paroussos, Leonidas and Saygin, Deger and Vrontisi, Zoi and Luderer, Gunnar},
  year = {2021},
  journal = {Environmental Research Letters},
  volume = {16},
  number = {7},
  issn = {1748-9326},
  doi = {10.1088/1748-9326/ac09ae},
  langid = {english}
}






@article{tavoni2015post,
  title={Post-2020 climate agreements in the major economies assessed in the light of global models},
  author={Tavoni, Massimo and Kriegler, Elmar and Riahi, Keywan and Van Vuuren, Detlef P and Aboumahboub, Tino and Bowen, Alex and Calvin, Katherine and Campiglio, Emanuele and Kober, Tom and Jewell, Jessica and others},
  journal={Nature Climate Change},
  volume={5},
  number={2},
  pages={119--126},
  year={2015},
  publisher={Nature Publishing Group}
}


@article{bosetti2015sensitivity,
  title={Sensitivity to energy technology costs: A multi-model comparison analysis},
  author={Bosetti, Valentina and Marangoni, Giacomo and Borgonovo, Emanuele and Anadon, Laura Diaz and Barron, Robert and McJeon, Haewon C and Politis, Savvas and Friley, Paul},
  journal={Energy Policy},
  volume={80},
  pages={244--263},
  year={2015},
  publisher={Elsevier}
}


@article{weyant1995integrated,
  title={Integrated assessment of climate change: an overview and comparison of approaches and results},
  author={Weyant, John and Davidson, Ogunlade and Dowlatabadi, Hadi and Edmonds, Jae and Grubb, Michael and Parson, EA and Richels, R and Rotmans, Jan and Shukla, PR and Tol, Richard SJ and others},
  journal={Climate change},
  volume={3},
  year={1995}
}

@article{weyant2017,
  title = {Some {{Contributions}} of {{Integrated Assessment Models}} of {{Global Climate Change}}},
  author = {Weyant, John},
  year = {2017},
  volume = {11},
  pages = {115--137},
  issn = {1750-6816, 1750-6824},
  doi = {10.1093/reep/rew018},
  journal = {Review of Environmental Economics and Policy},
  language = {en},
  number = {1}
}

@article{sathaye2013methods,
  title={Methods and models for costing carbon mitigation},
  author={Sathaye, Jayant and Shukla, PR},
  journal={Annual review of environment and resources},
  volume={38},
  pages={137--168},
  year={2013},
  publisher={Annual Reviews}
}

@phdthesis{bertram2015thesis,
  title = {The Effect of Near-Term Climate Policies on the Achievability of Ambitious Long-Term Climate Targets},
  author = {Bertram, Christoph},
  year = {2015},
  address = {{Berlin}},
  doi = {10.14279/depositonce-4884},
  school = {Technische Universit\"at Berlin},
  type = {Doctoral Thesis}
}

@article{oreskes1998evaluation,
  title={Evaluation (not validation) of quantitative models.},
  author={Oreskes, Naomi},
  journal={Environmental health perspectives},
  volume={106},
  number={suppl 6},
  pages={1453--1460},
  year={1998}
}


@techreport{kammen2004,
  title = {Putting {{Renewables}} to Work: {{How}} Many Jobs Can the Clean Energy Industry Generate?},
  author = {Kammen, Daniel M and Kapadia, Kamal and Fripp, Matthias},
  year = {2004},
  month = apr,
  pages = {28},
  institution = {{Goldman School of Public Policy, University of California Berkeley}},
  language = {en}
}


@article{lambert2012,
  title = {The Challenges of Determining the Employment Effects of Renewable Energy},
  author = {Lambert, Rosebud Jasmine and Silva, Patr{\'i}cia Pereira},
  year = {2012},
  month = sep,
  volume = {16},
  pages = {4667--4674},
  issn = {13640321},
  doi = {10.1016/j.rser.2012.03.072},
  journal = {Renewable and Sustainable Energy Reviews},
  language = {en},
  number = {7}
}



@techreport{irenaRenewableEnergyJobs2014,
  title = {Renewable {{Energy}} and {{Jobs}} (2013)},
  author = {{IRENA}},
  year = {2014},
  pages = {144},
  language = {en},
  institution = {IRENA}
}


@misc{ministryofnewandrenewableenergy2021a,
  title = {Wind {{Energy Manufacturing}} and {{Quality Control}}},
  author = {{Ministry of New and Renewable Energy}},
  year = {2021},
  howpublished = {https://www.mnre.gov.in/wind/manufacturers-and-quality-control}
}

@incollection{dominish2019,
  title = {Just {{Transition}}: {{Employment Projections}} for the 2.0 \textdegree{{C}} and 1.5 \textdegree{{C Scenarios}}},
  shorttitle = {Just {{Transition}}},
  booktitle = {Achieving the {{Paris Climate Agreement Goals}}: {{Global}} and {{Regional}} 100\% {{Renewable Energy Scenarios}} with {{Non}}-Energy {{GHG Pathways}} for +1.5\textdegree{{C}} and +2\textdegree{{C}}},
  author = {Dominish, Elsa and Briggs, Chris and Teske, Sven and Mey, Franziska},
  editor = {Teske, Sven},
  year = {2019},
  pages = {413--435},
  publisher = {{Springer International Publishing}},
  address = {{Cham}},
  doi = {10.1007/978-3-030-05843-2_10},
  isbn = {978-3-030-05843-2},
  language = {en}
}

@techreport{thesolarfoundationNATIONALSOLARJOBS2018,
  title = {{{National Solar Jobs Census}} 2018},
  author = {{The Solar Foundation}},
  year = {2018}
}



@book{arent2017,
  title = {The {{Political Economy}} of {{Clean Energy Transitions}}},
  editor = {Arent, Douglas and Arndt, Channing and Miller, Mackay and Tarp, Finn and Zinaman, Owen},
  year = {2017},
  publisher = {{Oxford University Press}},
  address = {{Oxford}},
  doi = {10.1093/oso/9780198802242.001.0001},
  isbn = {978-0-19-880224-2},
  language = {eng},
  series = {{{WIDER Studies}} in {{Development Economics}}}
}


@article{ram2019,
  title = {Job Creation during the Global Energy Transition towards 100\% Renewable Power System by 2050},
  author = {Ram, Manish and Aghahosseini, Arman and Breyer, Christian},
  year = {2019},
  month = jul,
  pages = {119682},
  issn = {00401625},
  doi = {10.1016/j.techfore.2019.06.008},
  journal = {Technological Forecasting and Social Change},
  language = {en}
}




@article{blanco2009,
  title = {Direct Employment in the Wind Energy Sector: {{An EU}} Study},
  shorttitle = {Direct Employment in the Wind Energy Sector},
  author = {Blanco, Maria Isabel and Rodrigues, Gl{\'o}ria},
  year = {2009},
  month = aug,
  volume = {37},
  pages = {2847--2857},
  issn = {0301-4215},
  doi = {10.1016/j.enpol.2009.02.049},
  journal = {Energy Policy},
  language = {en},
  number = {8}
}





@article{llera2013,
  title = {Forecasting Job Creation from Renewable Energy Deployment through a Value-Chain Approach},
  author = {Llera, E. and Scarpellini, S. and Aranda, A. and Zabalza, I.},
  year = {2013},
  month = may,
  volume = {21},
  pages = {262--271},
  issn = {13640321},
  doi = {10.1016/j.rser.2012.12.053},
  journal = {Renewable and Sustainable Energy Reviews},
  language = {en}
}


@article{fragkos2018,
  title = {Employment Creation in {{EU}} Related to Renewables Expansion},
  author = {Fragkos, Panagiotis and Paroussos, Leonidas},
  year = {2018},
  month = nov,
  volume = {230},
  pages = {935--945},
  issn = {03062619},
  doi = {10.1016/j.apenergy.2018.09.032},
  journal = {Applied Energy},
  keywords = {European Union,GEM-E3,jobs},
  language = {en}
}


@article{markandya2016,
  title = {Towards a Green Energy Economy? {{Tracking}} the Employment Effects of Low-Carbon Technologies in the {{European Union}}},
  shorttitle = {Towards a Green Energy Economy?},
  author = {Markandya, Anil and Arto, I{\~n}aki and {Gonz{\'a}lez-Eguino}, Mikel and Rom{\'a}n, Maria V.},
  year = {2016},
  month = oct,
  volume = {179},
  pages = {1342--1350},
  issn = {0306-2619},
  doi = {10.1016/j.apenergy.2016.02.122},
  journal = {Applied Energy},
  language = {en}
}
@article{hondo2017employment,
  title={Employment creation potential of renewable power generation technologies: A life cycle approach},
  author={Hondo, Hiroki and Moriizumi, Yue},
  journal={Renewable and Sustainable Energy Reviews},
  volume={79},
  pages={128--136},
  year={2017},
  publisher={Elsevier}
}

@techreport{bp2019,
  institution = {BP},	
  title = {{{BP Statistical Review}} of {{World Energy}}},
  author = {{BP Statistical Review of World Energy}},
  year = {2019}
}



@misc{eu_just,
  author = {European Commission},	
  title = {Political Agreement on the {{Just Transition Fund}}},
  howpublished = {https://ec.europa.eu/commission/presscorner/detail/en/IP\_20\_2354},
  institution = {European Commission - European Commission},
  language = {en},
  year = {2020},
  type = {Text}
}


@misc{unfccc,
  author = {UNFCCC},
  year = {2021}, 	
  title = {Parties | {{UNFCCC}}},
  howpublished = {https://unfccc.int/process/parties-non-party-stakeholders/parties-convention-and-observer-states?field\_national\_communications\_target\_id\textbackslash\%5B515\textbackslash\%5D=515}
}


@misc{ppca_just,
  title = {Just {{Transition Taskforce}} | {{Powering Past Coal Alliance}}},
  author = {{Powering Past Coal Alliance}},
  howpublished = {https://www.poweringpastcoal.org/about/just-transition-taskforce},
  journal = {Powering Past Coal Alliance (PPCA)},
  language = {en}
}




@techreport{litz2019,
  title = {The {{German Coal Commission}} : {{A Roadmap}} for a {{Just Transition}} from {{Coal}} to {{Renewables}}},
  author = {Litz, Philipp and {Patrick Graichen} and {Frank Peter}},
  year = {2019},
  pages = {56},
  institution = {{Agora Energiewende}},
  language = {en}
}






@misc{canada2018,
  title = {Task {{Force}}: {{Just Transition}} for {{Canadian Coal Power Workers}} and {{Communities}}},
  author = {Canada, Environment {and} Climate Change},
  year = {2018},
  month = feb,
  annotation = {Last Modified: 2019-03-11},
  howpublished = {https://www.canada.ca/en/environment-climate-change/services/climate-change/task-force-just-transition.html},
  language = {eng},
}


@techreport{morena2018,
  title = {Mapping {{Just Transition}}(s) to a {{Low}}-{{Carbon World}}},
  author = {Morena, Edouard and Helmerich, Nicole and Stevis, Dimitris and Shelton, Rebecca and Krause, Dunja and {Mertins-Kirkwood}, Hadrian and Price, Vivian and Azzi, Diego},
  year = {2018},
  institution = {{United Nations Research Institute for Social Development (UNRISD).}},
  annotation = {OCLC: 1162848027},
  language = {en}
}


@techreport{prayasandcpr2020,
  title = {Managing a {{Fair Transition Away}} from {{Coal}} in {{India}}},
  author = {{Prayas and CPR}},
  year = {2020},
  keywords = {CPR,just transition,Prayas}
}


@article{spencer2018,
  title = {The 1.5\textdegree{{C}} Target and Coal Sector Transition: At the Limits of Societal Feasibility},
  shorttitle = {The 1.5\textdegree{{C}} Target and Coal Sector Transition},
  author = {Spencer, Thomas and Colombier, Michel and Sartor, Oliver and Garg, Amit and Tiwari, Vineet and Burton, Jesse and Caetano, Tara and Green, Fergus and Teng, Fei and Wiseman, John},
  year = {2018},
  month = mar,
  volume = {18},
  pages = {335--351},
  issn = {1469-3062},
  doi = {10.1080/14693062.2017.1386540},
  journal = {Climate Policy},
  number = {3}
}


@book{kapetaki2020,
  title = {Clean Energy Technologies in Coal Regions: Opportunities for Jobs and Growth: Deployment Potential and Impacts.},
  shorttitle = {Clean Energy Technologies in Coal Regions},
  publisher ={European Commission},
  author = {Kapetaki, Z and Armani, R and Bodis, K and Fahl, F and Gonzalez Aparicio, I and {Jaeger-Waldau}, A and Lebedeva, N and Pinedo, I and Scarlat, N and Taylor, N and Telsnig, T and Uihlein, A and V{\'a}zquez Hern{\'a}ndez, C and Zangheri, P and Ruiz Castello, P and {European Commission} and {Joint Research Centre}},
  year = {2020},
  annotation = {OCLC: 1140671154},
  isbn = {978-92-76-12330-9},
  language = {en}
}







@article{green2020,
  title = {Transitional Assistance Policies for Just, Equitable and Smooth Low-Carbon Transitions: Who, What and How?},
  shorttitle = {Transitional Assistance Policies for Just, Equitable and Smooth Low-Carbon Transitions},
  author = {Green, Fergus and Gambhir, Ajay},
  year = {2020},
  month = sep,
  volume = {20},
  pages = {902--921},
  publisher = {{Taylor \& Francis}},
  issn = {1469-3062},
  doi = {10.1080/14693062.2019.1657379},
  annotation = {\_eprint: https://doi.org/10.1080/14693062.2019.1657379},
  journal = {Climate Policy},
  number = {8}
}




@article{healy2017,
  title = {Politicizing Energy Justice and Energy System Transitions: {{Fossil}} Fuel Divestment and a ``Just Transition''},
  shorttitle = {Politicizing Energy Justice and Energy System Transitions},
  author = {Healy, Noel and Barry, John},
  year = {2017},
  month = sep,
  volume = {108},
  pages = {451--459},
  issn = {0301-4215},
  doi = {10.1016/j.enpol.2017.06.014},
  journal = {Energy Policy},
  language = {en}
}



@article{carley2020,
  title = {The Justice and Equity Implications of the Clean Energy Transition},
  author = {Carley, Sanya and Konisky, David M.},
  year = {2020},
  month = aug,
  volume = {5},
  pages = {569--577},
  publisher = {{Nature Publishing Group}},
  issn = {2058-7546},
  doi = {10.1038/s41560-020-0641-6},
  copyright = {2020 Springer Nature Limited},
  journal = {Nature Energy},
  language = {en},
  number = {8}
}







@article{sovacool2019whole,
  title={The whole systems energy injustice of four European low-carbon transitions},
  author={Sovacool, Benjamin K and Hook, Andrew and Martiskainen, Mari and Baker, Lucy},
  journal={Global Environmental Change},
  volume={58},
  pages={101958},
  year={2019},
  publisher={Elsevier}
}

@article{newell2013,
  title = {The Political Economy of the `Just Transition'},
  author = {Newell, Peter and Mulvaney, Dustin},
  year = {2013},
  volume = {179},
  pages = {132--140},
  issn = {1475-4959},
  doi = {10.1111/geoj.12008},
  annotation = {\_eprint: https://rgs-ibg.onlinelibrary.wiley.com/doi/pdf/10.1111/geoj.12008},
  copyright = {\textcopyright{} 2013 The Authors. The Geographical Journal \textcopyright{} 2013 Royal Geographical Society (with the Institute of British Geographers)},
  journal = {The Geographical Journal},
  language = {en},
  number = {2}
}


@phdthesis{chandra2018,
  title = {Adaptive {{State Capitalism}} in the {{Indian Coal Industry}}},
  author = {Chandra, Rohit},
  year = {2018},
  month = may,
  school = {Harvard University, Graduate School of Arts \& Sciences}
}





@article{jakob2020,
  title = {The Future of Coal in a Carbon-Constrained Climate},
  author = {Jakob, Michael and Steckel, Jan Christoph and Jotzo, Frank and Sovacool, Benjamin K. and Cornelsen, Laura and Chandra, Rohit and Edenhofer, Ottmar and Holden, Chris and L{\"o}schel, Andreas and Nace, Ted and Robins, Nick and Suedekum, Jens and Urpelainen, Johannes},
  year = {2020},
  month = aug,
  volume = {10},
  pages = {704--707},
  publisher = {{Nature Publishing Group}},
  issn = {1758-6798},
  doi = {10.1038/s41558-020-0866-1},
  copyright = {2020 Springer Nature Limited},
  journal = {Nature Climate Change},
  language = {en},
  number = {8}
}

@article{davis2010future,
  title={Future CO2 emissions and climate change from existing energy infrastructure},
  author={Davis, Steven J and Caldeira, Ken and Matthews, H Damon},
  journal={Science},
  volume={329},
  number={5997},
  pages={1330--1333},
  year={2010},
  publisher={American Association for the Advancement of Science}
}


@article{krieglerShortTerm2018,
  title = {Short Term Policies to Keep the Door Open for {{Paris}} Climate Goals},
  author = {Kriegler, Elmar and Bertram, Christoph and Kuramochi, Takeshi and Jakob, Michael and Pehl, Michaja and {Miodrag Stevanovi\'c} and H{\"o}hne, Niklas and Luderer, Gunnar and Minx, Jan C. and Fekete, Hanna and Hilaire, J{\'e}r{\^o}me and Luna, Lisa and {Alexander Popp} and Steckel, Jan Christoph and Sterl, Sebastian and Yalew, Amsalu Woldie and Dietrich, Jan Philipp and Edenhofer, Ottmar},
  year = {2018},
  volume = {13},
  pages = {074022},
  issn = {1748-9326},
  doi = {10.1088/1748-9326/aac4f1},
  journal = {Environmental Research Letters},
  language = {en},
  number = {7}
}




@article{johnson2015,
  title = {Stranded on a Low-Carbon Planet: {{Implications}} of Climate Policy for the Phase-out of Coal-Based Power Plants},
  shorttitle = {Stranded on a Low-Carbon Planet},
  author = {Johnson, Nils and Krey, Volker and McCollum, David L. and Rao, Shilpa and Riahi, Keywan and Rogelj, Joeri},
  year = {2015},
  month = jan,
  volume = {90},
  pages = {89--102},
  issn = {0040-1625},
  doi = {10.1016/j.techfore.2014.02.028},
  journal = {Technological Forecasting and Social Change}
}

@article{bertramlockin2015,
  title = {Carbon Lock-in through Capital Stock Inertia Associated with Weak near-Term Climate Policies},
  author = {Bertram, Christoph and Johnson, Nils and Luderer, Gunnar and Riahi, Keywan and Isaac, Morna and Eom, Jiyong},
  year = {2015},
  month = jan,
  volume = {90},
  pages = {62--72},
  issn = {00401625},
  doi = {10.1016/j.techfore.2013.10.001},
  journal = {Technological Forecasting and Social Change},
  language = {en}
}







@article{kriegler2014role,
  title={The role of technology for achieving climate policy objectives: overview of the EMF 27 study on global technology and climate policy strategies},
  author={Kriegler, Elmar and Weyant, John P and Blanford, Geoffrey J and Krey, Volker and Clarke, Leon and Edmonds, Jae and Fawcett, Allen and Luderer, Gunnar and Riahi, Keywan and Richels, Richard and others},
  journal={Climatic Change},
  volume={123},
  number={3},
  pages={353--367},
  year={2014},
  publisher={Springer}
}


@article{pahle2018a,
  title = {Sequencing to Ratchet up Climate Policy Stringency},
  author = {Pahle, Michael and Burtraw, Dallas and Flachsland, Christian and Kelsey, Nina and Biber, Eric and Meckling, Jonas and Edenhofer, Ottmar and Zysman, John},
  year = {2018},
  month = oct,
  volume = {8},
  pages = {861--867},
  issn = {1758-6798},
  doi = {10.1038/s41558-018-0287-6},
  copyright = {2018 Springer Nature Limited},
  journal = {Nature Climate Change},
  language = {en},
  number = {10}
}


@article{iyer2015,
  title = {Improved Representation of Investment Decisions in Assessments of {{CO2}} Mitigation},
  author = {Iyer, Gokul C. and Clarke, Leon E. and Edmonds, James A. and Flannery, Brian P. and Hultman, Nathan E. and McJeon, Haewon C. and Victor, David G.},
  year = {2015},
  month = may,
  volume = {5},
  pages = {436--440},
  issn = {1758-678X, 1758-6798},
  doi = {10.1038/nclimate2553},
  journal = {Nature Climate Change},
  language = {en},
  number = {5}
}


@article{oei2020,
  title = {Lessons from {{Germany}}'s Hard Coal Mining Phase-out: Policies and Transition from 1950 to 2018},
  shorttitle = {Lessons from {{Germany}}'s Hard Coal Mining Phase-Out},
  author = {Oei, Pao-Yu and Brauers, Hanna and Herpich, Philipp},
  year = {2020},
  month = sep,
  volume = {20},
  pages = {963--979},
  publisher = {{Taylor \& Francis}},
  issn = {1469-3062},
  doi = {10.1080/14693062.2019.1688636},
  annotation = {\_eprint: https://doi.org/10.1080/14693062.2019.1688636},
  journal = {Climate Policy},
  number = {8}
}




@article{mccauley2018,
  title = {Just Transition: {{Integrating}} Climate, Energy and Environmental Justice},
  shorttitle = {Just Transition},
  author = {McCauley, Darren and Heffron, Raphael},
  year = {2018},
  month = aug,
  volume = {119},
  pages = {1--7},
  issn = {03014215},
  doi = {10.1016/j.enpol.2018.04.014},
  journal = {Energy Policy},
  language = {en}
}





@article{anderson2019,
  title = {Debating the Bedrock of Climate-Change Mitigation Scenarios},
  author = {Anderson, Kevin and Jewell, Jessica},
  year = {2019},
  month = sep,
  volume = {573},
  pages = {348--349},
  publisher = {{Nature Publishing Group}},
  doi = {10.1038/d41586-019-02744-9},
  copyright = {2021 Nature},
  journal = {Nature},
  language = {en},
  number = {7774}
}


@article{vandeven2018,
  title = {The Potential of Behavioural Change for Climate Change Mitigation: A Case Study for the {{European Union}}},
  shorttitle = {The Potential of Behavioural Change for Climate Change Mitigation},
  author = {{van de Ven}, Dirk-Jan and {Gonz{\'a}lez-Eguino}, Mikel and Arto, I{\~n}aki},
  year = {2018},
  month = aug,
  journal = {Mitigation and Adaptation Strategies for Global Change},
  volume = {23},
  number = {6},
  pages = {853--886},
  issn = {1573-1596},
  doi = {10.1007/s11027-017-9763-y},
  language = {en}
}



@article{fujimori2019,
  title = {A Multi-Model Assessment of Food Security Implications of Climate Change Mitigation},
  author = {Fujimori, Shinichiro and Hasegawa, Tomoko and Krey, Volker and Riahi, Keywan and Bertram, Christoph and Bodirsky, Benjamin Leon and Bosetti, Valentina and Callen, Jessica and Despr{\'e}s, Jacques and Doelman, Jonathan and Drouet, Laurent and Emmerling, Johannes and Frank, Stefan and Fricko, Oliver and Havlik, Petr and Humpen{\"o}der, Florian and Koopman, Jason F. L. and {van Meijl}, Hans and Ochi, Yuki and Popp, Alexander and Schmitz, Andreas and Takahashi, Kiyoshi and {van Vuuren}, Detlef},
  year = {2019},
  month = may,
  journal = {Nature Sustainability},
  volume = {2},
  number = {5},
  pages = {386--396},
  publisher = {{Nature Publishing Group}},
  issn = {2398-9629},
  doi = {10.1038/s41893-019-0286-2},
  copyright = {2019 The Author(s), under exclusive licence to Springer Nature Limited},
  language = {en}
}




@article{jenkins2014,
  title = {Political Economy Constraints on Carbon Pricing Policies: {{What}} Are the Implications for Economic Efficiency, Environmental Efficacy, and Climate Policy Design?},
  shorttitle = {Political Economy Constraints on Carbon Pricing Policies},
  author = {Jenkins, Jesse D.},
  year = {2014},
  month = jun,
  volume = {69},
  pages = {467--477},
  issn = {03014215},
  doi = {10.1016/j.enpol.2014.02.003},
  journal = {Energy Policy},
  language = {en}
}




@article{jenkins2018getting,
  title={Getting to zero carbon emissions in the electric power sector},
  author={Jenkins, Jesse D and Luke, Max and Thernstrom, Samuel},
  journal={Joule},
  volume={2},
  number={12},
  pages={2498--2510},
  year={2018},
  publisher={Elsevier}
}



@article{tong2019committed,
  title={Committed emissions from existing energy infrastructure jeopardize 1.5 C climate target},
  author={Tong, Dan and Zhang, Qiang and Zheng, Yixuan and Caldeira, Ken and Shearer, Christine and Hong, Chaopeng and Qin, Yue and Davis, Steven J},
  journal={Nature},
  volume={572},
  number={7769},
  pages={373--377},
  year={2019},
  publisher={Nature Publishing Group}
}


@techreport{rogelj2018,
  title = {Mitigation Pathways Compatible with 1.5 {{C}} in the Context of Sustainable Development},
  author = {Rogelj, Joeri and Shindell, Drew and Jiang, Kejun and Fifita, Solomone and Forster, P. and Ginzburg, Veronika and Handa, Collins and Kheshgi, Haroon and Kobayashi, Shigeki and Kriegler, Elmar},
  year = {2018},
  institution = {{IPCC}}
}








@book{bhushan2020,
  title = {Just {{Transition}} in {{India}}: {{An}} Inquiry into the Challenges and Opportunities for a Post-Coal Future},
  author = {Bhushan, Chandra and Banerjee, Srestha and Agarwal, Shruti},
  year = {2020},
  month = nov,
  publisher = {{Sustainability Innovations and Advisories Pvt. Ltd.}}
}

@article{cameron2015,
  title = {Employment Factors for Wind and Solar Energy Technologies: {{A}} Literature Review},
  shorttitle = {Employment Factors for Wind and Solar Energy Technologies},
  author = {Cameron, Lachlan and {van der Zwaan}, Bob},
  year = {2015},
  month = may,
  volume = {45},
  pages = {160--172},
  issn = {13640321},
  doi = {10.1016/j.rser.2015.01.001},
  journal = {Renewable and Sustainable Energy Reviews},
  language = {en}
}










